@misc{eugloh,
  author       = {EUGLOH},
  title        = {European University Alliance for Global Health},
  howpublished = {\url{https://www.eugloh.pt/}}
}

@misc{github-project,
  author       = {GitHub Inc.},
  title        = {GitHub Projects},
  howpublished = {\url{https://docs.github.com/pt/issues/planning-and-tracking-with-projects/learning-about-projects/about-projects}}
}

@misc{kanban,
  author       = {Wikipedia},
  title        = {Kanban Board},
  howpublished = {\url{https://en.wikipedia.org/wiki/Kanban_board}}
}

@misc{github,
  author       = {GitHub Inc.},
  title        = {GitHub},
  howpublished = {\url{https://github.com/}}
}

@misc{gantt,
  author       = {Wikipedia},
  title        = {Gantt chart},
  howpublished = {\url{https://en.wikipedia.org/wiki/Gantt_chart}}
}

@misc{google-wallet,
  author       = {Google},
  title        = {Google Wallet},
  howpublished = {\url{https://developers.google.com/wallet}}
}

@misc{elatec,
  author       = {ELATEC},
  title        = {ELATEC},
  howpublished = {\url{https://github.com/}}
}

@misc{shibboleth,
  author       = {Shibboleth},
  title        = {Shibboleth},
  howpublished = {\url{https://www.shibboleth.net/}}
}

@misc{apache,
  author       = {Apache},
  title        = {Apache},
  howpublished = {\url{https://httpd.apache.org/}}
}

@misc{edutap-pkg,
  author       = {EUGLOH},
  title        = {eduTAP.google\_wallet package},
  howpublished = {\url{https://github.com/edutap-eu/edutap.wallet_google}}
}

@misc{react,
  author       = {Jordan Walke},
  title        = {React},
  howpublished = {\url{https://react.dev/}}
}

@misc{javascript,
  author       = {Brendan Eich},
  title        = {Javascript},
  howpublished = {\url{ https://pt.wikipedia.org/wiki/JavaScript}}
}

@misc{typescript,
  author       = {Microsoft},
  title        = {TypeScript},
  howpublished = {\url{https://www.typescriptlang.org/}}
}

@misc{bootstrap,
  author       = {React Boostrap},
  title        = {React Bootstrap},
  howpublished = {\url{https://react-bootstrap.netlify.app/}}
}

@misc{css,
  author       = {CSS},
  title        = {CSS},
  howpublished = {\url{https://pt.wikipedia.org/wiki/Cascading_Style_Sheets}}
}

@misc{vitest,
  author       = {Anthony Fu, Mat√≠as Capeletto},
  title        = {Vitest},
  howpublished = {\url{https://vitest.dev/}}
}

@misc{vite,
  author       = {Evan You},
  title        = {Vite},
  howpublished = {\url{https://vitejs.dev/}}
}

@misc{typedoc,
  author       = {Typedoc},
  title        = {Typedoc},
  howpublished = {\url{https://typedoc.org/}}
}

@misc{django,
  author       = {Django},
  title        = {Django},
  howpublished = {\url{https://www.djangoproject.com/}}
}

@misc{python,
  author       = {Guido van Rossum},
  title        = {Python},
  howpublished = {\url{https://www.python.org/}}
}

@misc{docusaurus,
  author       = {Meta},
  title        = {Docusaurus},
  howpublished = {\url{https://docusaurus.io/}}
}

@misc{docker,
  author       = {Docker, Inc.},
  title        = {Docker},
  howpublished = {\url{https://www.docker.com/}}
}
